<?xml version="1.0" encoding="UTF-8"?><record xmlns="http://www.loc.gov/MARC21/slim" xmlns:cinclude="http://apache.org/cocoon/include/1.0" xmlns:zs="http://www.loc.gov/zing/srw/">
  <leader>00748cz  a2200133n  4500</leader>
  <controlfield tag="001">n  88024101 </controlfield>
  <controlfield tag="003">DLC</controlfield>
  <controlfield tag="005">20120804082607.0</controlfield>
  <controlfield tag="008">880502n| acannaab           |n ana      </controlfield>
  <datafield tag="010" ind1=" " ind2=" ">
    <subfield code="a">n  88024101 </subfield>
  </datafield>
  <datafield tag="040" ind1=" " ind2=" ">
    <subfield code="a">DLC</subfield>
    <subfield code="b">eng</subfield>
    <subfield code="c">DLC</subfield>
    <subfield code="d">DLC</subfield>
  </datafield>
  <datafield tag="111" ind1="2" ind2=" ">
    <subfield code="a">"Suikai Seitaikei ni Oyobosu Yūgai Osen Busshitsu no Eikyō Hyōka ni Kansuru Kenkyū" Shinpojūmu</subfield>
    <subfield code="d">(1986 :</subfield>
    <subfield code="c">Kokuritsu Kōgai Kenkyūjo)</subfield>
  </datafield>
  <datafield tag="667" ind1=" " ind2=" ">
    <subfield code="a">THIS 1XX FIELD CANNOT BE USED UNDER RDA UNTIL THIS RECORD HAS BEEN REVIEWED AND/OR UPDATED</subfield>
  </datafield>
  <datafield tag="670" ind1=" " ind2=" ">
    <subfield code="a">Its Suiiki ni okeru seibutsu shihyō no mondaiten to shōrai, 1987:</subfield>
    <subfield code="b">t.p. ("Suikai Seitaikei ni Oyobosu Yūgai Osen Busshitsu no Eikyō Hyōka ni Kansuru Kenkyū" Shinpojūmu; a symposium held at Kokuritsu Kōgai Kenkyūjo, Dec. 15-16, 1986)</subfield>
  </datafield>
</record>